@INPROCEEDINGS{10132188,
  author={Doorn, Niels and Vos, Tanja and Mar√≠n, Beatriz and Barendsen, Erik},
  booktitle={2023 IEEE Conference on Software Testing, Verification and Validation (ICST)}, 
  title={Set the right example when teaching programming: Test Informed Learning with Examples ({TILE})}, 
  year={2023},
  volume={},
  number={},
  pages={269-280},
  doi={10.1109/ICST57152.2023.00033}}


@book{downey2016thinkpython,
  author    = {Allen B. Downey},
  title     = {Think Python: How to Think Like a Computer Scientist},
  edition   = {2nd},
  year      = {2016},
}


@book{severance2016python,
  author    = {Charles Russell Severance},
  title     = {Python for Everybody: Exploring Data in Python 3},
  year      = {2016},
}
